%YAML 1.1
%TAG !u! tag:unity3d.com,2011:
--- !u!1 &2335066393089777364
GameObject:
  m_ObjectHideFlags: 0
  m_CorrespondingSourceObject: {fileID: 0}
  m_PrefabInstance: {fileID: 0}
  m_PrefabAsset: {fileID: 0}
  serializedVersion: 6
  m_Component:
  - component: {fileID: 2335066393090102736}
  - component: {fileID: 2335066393090908952}
  - component: {fileID: 2335066393091998134}
  - component: {fileID: 2335066393097142756}
  - component: {fileID: 2343126349645535020}
  m_Layer: 0
  m_Name: SD_Prop_Torch_01 1
  m_TagString: Untagged
  m_Icon: {fileID: 0}
  m_NavMeshLayer: 0
  m_StaticEditorFlags: 0
  m_IsActive: 1
--- !u!4 &2335066393090102736
Transform:
  m_ObjectHideFlags: 0
  m_CorrespondingSourceObject: {fileID: 0}
  m_PrefabInstance: {fileID: 0}
  m_PrefabAsset: {fileID: 0}
  m_GameObject: {fileID: 2335066393089777364}
  m_LocalRotation: {x: -0, y: 0.98168516, z: -0, w: -0.19051063}
  m_LocalPosition: {x: 61.842224, y: 4.462311, z: 7.4106445}
  m_LocalScale: {x: 1, y: 1, z: 1}
  m_Children:
  - {fileID: 2335066392701044689}
  - {fileID: 2335066393269215237}
  m_Father: {fileID: 0}
  m_RootOrder: 0
  m_LocalEulerAnglesHint: {x: 0, y: 201.965, z: 0}
--- !u!33 &2335066393090908952
MeshFilter:
  m_ObjectHideFlags: 0
  m_CorrespondingSourceObject: {fileID: 0}
  m_PrefabInstance: {fileID: 0}
  m_PrefabAsset: {fileID: 0}
  m_GameObject: {fileID: 2335066393089777364}
  m_Mesh: {fileID: 4300000, guid: 2a7813f768bdcbc45a2f2fbbe80947ce, type: 3}
--- !u!23 &2335066393091998134
MeshRenderer:
  m_ObjectHideFlags: 0
  m_CorrespondingSourceObject: {fileID: 0}
  m_PrefabInstance: {fileID: 0}
  m_PrefabAsset: {fileID: 0}
  m_GameObject: {fileID: 2335066393089777364}
  m_Enabled: 1
  m_CastShadows: 1
  m_ReceiveShadows: 1
  m_DynamicOccludee: 1
  m_MotionVectors: 1
  m_LightProbeUsage: 1
  m_ReflectionProbeUsage: 1
  m_RenderingLayerMask: 1
  m_RendererPriority: 0
  m_Materials:
  - {fileID: 2100000, guid: 82e4de2985db4c8448893385cc8d2108, type: 2}
  - {fileID: 2100000, guid: 82e4de2985db4c8448893385cc8d2108, type: 2}
  m_StaticBatchInfo:
    firstSubMesh: 0
    subMeshCount: 0
  m_StaticBatchRoot: {fileID: 0}
  m_ProbeAnchor: {fileID: 0}
  m_LightProbeVolumeOverride: {fileID: 0}
  m_ScaleInLightmap: 1
  m_ReceiveGI: 1
  m_PreserveUVs: 0
  m_IgnoreNormalsForChartDetection: 0
  m_ImportantGI: 0
  m_StitchLightmapSeams: 1
  m_SelectedEditorRenderState: 3
  m_MinimumChartSize: 4
  m_AutoUVMaxDistance: 0.5
  m_AutoUVMaxAngle: 89
  m_LightmapParameters: {fileID: 0}
  m_SortingLayerID: 0
  m_SortingLayer: 0
  m_SortingOrder: 0
--- !u!95 &2335066393097142756
Animator:
  serializedVersion: 3
  m_ObjectHideFlags: 0
  m_CorrespondingSourceObject: {fileID: 0}
  m_PrefabInstance: {fileID: 0}
  m_PrefabAsset: {fileID: 0}
  m_GameObject: {fileID: 2335066393089777364}
  m_Enabled: 1
  m_Avatar: {fileID: 9000000, guid: 2a7813f768bdcbc45a2f2fbbe80947ce, type: 3}
  m_Controller: {fileID: 0}
  m_CullingMode: 0
  m_UpdateMode: 0
  m_ApplyRootMotion: 0
  m_LinearVelocityBlending: 0
  m_WarningMessage: 
  m_HasTransformHierarchy: 1
  m_AllowConstantClipSamplingOptimization: 1
  m_KeepAnimatorControllerStateOnDisable: 0
--- !u!64 &2343126349645535020
MeshCollider:
  m_ObjectHideFlags: 0
  m_CorrespondingSourceObject: {fileID: 0}
  m_PrefabInstance: {fileID: 0}
  m_PrefabAsset: {fileID: 0}
  m_GameObject: {fileID: 2335066393089777364}
  m_Material: {fileID: 0}
  m_IsTrigger: 0
  m_Enabled: 1
  serializedVersion: 3
  m_Convex: 1
  m_CookingOptions: 14
  m_Mesh: {fileID: 43081527694497710, guid: d3724de6480da954a8da9d64fad984f5, type: 2}
--- !u!1001 &2335066392700656977
PrefabInstance:
  m_ObjectHideFlags: 0
  serializedVersion: 2
  m_Modification:
    m_TransformParent: {fileID: 2335066393090102736}
    m_Modifications:
    - target: {fileID: 100000, guid: fabff3cbe4a4be24a90f7b23e155e025, type: 3}
      propertyPath: m_Name
      value: Fire_01_FX
      objectReference: {fileID: 0}
    - target: {fileID: 400000, guid: fabff3cbe4a4be24a90f7b23e155e025, type: 3}
      propertyPath: m_LocalPosition.x
      value: -0.00867182
      objectReference: {fileID: 0}
    - target: {fileID: 400000, guid: fabff3cbe4a4be24a90f7b23e155e025, type: 3}
      propertyPath: m_LocalPosition.y
      value: 0.83880615
      objectReference: {fileID: 0}
    - target: {fileID: 400000, guid: fabff3cbe4a4be24a90f7b23e155e025, type: 3}
      propertyPath: m_LocalPosition.z
      value: 0.90657246
      objectReference: {fileID: 0}
    - target: {fileID: 400000, guid: fabff3cbe4a4be24a90f7b23e155e025, type: 3}
      propertyPath: m_LocalRotation.x
      value: 0
      objectReference: {fileID: 0}
    - target: {fileID: 400000, guid: fabff3cbe4a4be24a90f7b23e155e025, type: 3}
      propertyPath: m_LocalRotation.y
      value: -0.98168516
      objectReference: {fileID: 0}
    - target: {fileID: 400000, guid: fabff3cbe4a4be24a90f7b23e155e025, type: 3}
      propertyPath: m_LocalRotation.z
      value: -0
      objectReference: {fileID: 0}
    - target: {fileID: 400000, guid: fabff3cbe4a4be24a90f7b23e155e025, type: 3}
      propertyPath: m_LocalRotation.w
      value: -0.19051063
      objectReference: {fileID: 0}
    - target: {fileID: 400000, guid: fabff3cbe4a4be24a90f7b23e155e025, type: 3}
      propertyPath: m_RootOrder
      value: 0
      objectReference: {fileID: 0}
    - target: {fileID: 400000, guid: fabff3cbe4a4be24a90f7b23e155e025, type: 3}
      propertyPath: m_LocalEulerAnglesHint.x
      value: 0
      objectReference: {fileID: 0}
    - target: {fileID: 400000, guid: fabff3cbe4a4be24a90f7b23e155e025, type: 3}
      propertyPath: m_LocalEulerAnglesHint.y
      value: 0
      objectReference: {fileID: 0}
    - target: {fileID: 400000, guid: fabff3cbe4a4be24a90f7b23e155e025, type: 3}
      propertyPath: m_LocalEulerAnglesHint.z
      value: 0
      objectReference: {fileID: 0}
    m_RemovedComponents: []
  m_SourcePrefab: {fileID: 100100000, guid: fabff3cbe4a4be24a90f7b23e155e025, type: 3}
--- !u!4 &2335066392701044689 stripped
Transform:
  m_CorrespondingSourceObject: {fileID: 400000, guid: fabff3cbe4a4be24a90f7b23e155e025,
    type: 3}
  m_PrefabInstance: {fileID: 2335066392700656977}
  m_PrefabAsset: {fileID: 0}
--- !u!1001 &2335066393269353093
PrefabInstance:
  m_ObjectHideFlags: 0
  serializedVersion: 2
  m_Modification:
    m_TransformParent: {fileID: 2335066393090102736}
    m_Modifications:
    - target: {fileID: 100000, guid: 11380b47be58c4fa78a82752a3f61daa, type: 3}
      propertyPath: m_Name
      value: Effect_04
      objectReference: {fileID: 0}
    - target: {fileID: 400000, guid: 11380b47be58c4fa78a82752a3f61daa, type: 3}
      propertyPath: m_LocalPosition.x
      value: -0.0005322695
      objectReference: {fileID: 0}
    - target: {fileID: 400000, guid: 11380b47be58c4fa78a82752a3f61daa, type: 3}
      propertyPath: m_LocalPosition.y
      value: 1.0044708
      objectReference: {fileID: 0}
    - target: {fileID: 400000, guid: 11380b47be58c4fa78a82752a3f61daa, type: 3}
      propertyPath: m_LocalPosition.z
      value: 0.97336435
      objectReference: {fileID: 0}
    - target: {fileID: 400000, guid: 11380b47be58c4fa78a82752a3f61daa, type: 3}
      propertyPath: m_LocalRotation.x
      value: -0
      objectReference: {fileID: 0}
    - target: {fileID: 400000, guid: 11380b47be58c4fa78a82752a3f61daa, type: 3}
      propertyPath: m_LocalRotation.y
      value: -0.98168516
      objectReference: {fileID: 0}
    - target: {fileID: 400000, guid: 11380b47be58c4fa78a82752a3f61daa, type: 3}
      propertyPath: m_LocalRotation.z
      value: -0
      objectReference: {fileID: 0}
    - target: {fileID: 400000, guid: 11380b47be58c4fa78a82752a3f61daa, type: 3}
      propertyPath: m_LocalRotation.w
      value: -0.19051063
      objectReference: {fileID: 0}
    - target: {fileID: 400000, guid: 11380b47be58c4fa78a82752a3f61daa, type: 3}
      propertyPath: m_RootOrder
      value: 1
      objectReference: {fileID: 0}
    - target: {fileID: 400000, guid: 11380b47be58c4fa78a82752a3f61daa, type: 3}
      propertyPath: m_LocalEulerAnglesHint.x
      value: 0
      objectReference: {fileID: 0}
    - target: {fileID: 400000, guid: 11380b47be58c4fa78a82752a3f61daa, type: 3}
      propertyPath: m_LocalEulerAnglesHint.y
      value: 0
      objectReference: {fileID: 0}
    - target: {fileID: 400000, guid: 11380b47be58c4fa78a82752a3f61daa, type: 3}
      propertyPath: m_LocalEulerAnglesHint.z
      value: 0
      objectReference: {fileID: 0}
    - target: {fileID: 400004, guid: 11380b47be58c4fa78a82752a3f61daa, type: 3}
      propertyPath: m_LocalPosition.z
      value: 0.234
      objectReference: {fileID: 0}
    - target: {fileID: 400004, guid: 11380b47be58c4fa78a82752a3f61daa, type: 3}
      propertyPath: m_LocalPosition.y
      value: -0.234
      objectReference: {fileID: 0}
    - target: {fileID: 10800000, guid: 11380b47be58c4fa78a82752a3f61daa, type: 3}
      propertyPath: m_Shadows.m_Type
      value: 0
      objectReference: {fileID: 0}
    - target: {fileID: 10800000, guid: 11380b47be58c4fa78a82752a3f61daa, type: 3}
      propertyPath: m_Range
      value: 19.8
      objectReference: {fileID: 0}
    - target: {fileID: 10800000, guid: 11380b47be58c4fa78a82752a3f61daa, type: 3}
      propertyPath: m_Lightmapping
      value: 2
      objectReference: {fileID: 0}
    - target: {fileID: 10800000, guid: 11380b47be58c4fa78a82752a3f61daa, type: 3}
      propertyPath: m_Type
      value: 2
      objectReference: {fileID: 0}
    - target: {fileID: 10800000, guid: 11380b47be58c4fa78a82752a3f61daa, type: 3}
      propertyPath: m_Shadows.m_Strength
      value: 1
      objectReference: {fileID: 0}
    - target: {fileID: 10800000, guid: 11380b47be58c4fa78a82752a3f61daa, type: 3}
      propertyPath: m_Shadows.m_Bias
      value: 0
      objectReference: {fileID: 0}
    - target: {fileID: 10800000, guid: 11380b47be58c4fa78a82752a3f61daa, type: 3}
      propertyPath: m_DrawHalo
      value: 0
      objectReference: {fileID: 0}
    m_RemovedComponents: []
  m_SourcePrefab: {fileID: 100100000, guid: 11380b47be58c4fa78a82752a3f61daa, type: 3}
--- !u!4 &2335066393269215237 stripped
Transform:
  m_CorrespondingSourceObject: {fileID: 400000, guid: 11380b47be58c4fa78a82752a3f61daa,
    type: 3}
  m_PrefabInstance: {fileID: 2335066393269353093}
  m_PrefabAsset: {fileID: 0}
